@inproceedings{herbst2013elasticity,
  title={Elasticity in Cloud Computing: What It Is, and What It Is Not.},
  author={Herbst, Nikolas Roman and Kounev, Samuel and Reussner, Ralf},
  booktitle={ICAC},
  pages={23--27},
  year={2013}
}
@misc{weinman2011time,
  title={Time is money: the value of “on-demand”},
  author={Weinman, Joe},
  year={2011},
  publisher={Jan. 2011. Working paper(Jan 2011), from http://www. JoeWeinman. com/Resources/Joe Weinman Time Is Money. pdf}
}
@inproceedings{islam2012consumer,
  title={How a consumer can measure elasticity for cloud platforms},
  author={Islam, Sadeka and Lee, Kevin and Fekete, Alan and Liu, Anna},
  booktitle={Proceedings of the 3rd ACM/SPEC International Conference on Performance Engineering},
  pages={85--96},
  year={2012},
  organization={ACM}
}
@article{kuhlenkamp2014benchmarking,
  title={Benchmarking scalability and elasticity of distributed database systems},
  author={Kuhlenkamp, J{\"o}rn and Klems, Markus and R{\"o}ss, Oliver},
  journal={Proceedings of the VLDB Endowment},
  volume={7},
  number={12},
  pages={1219--1230},
  year={2014},
  publisher={VLDB Endowment}
}
@inproceedings{dory2011comparative,
  title={Comparative elasticity and scalability measurements of cloud databases},
  author={Dory, Thibault and Mej{\'\i}as, Boris and Van Roy, Peter and Tran, Nam-Luc},
  booktitle={Proc of the 2nd ACM symposium on cloud computing (SoCC)},
  volume={11},
  year={2011}
}
@inproceedings{cooper2010benchmarking,
  title={Benchmarking cloud serving systems with YCSB},
  author={Cooper, Brian F and Silberstein, Adam and Tam, Erwin and Ramakrishnan, Raghu and Sears, Russell},
  booktitle={Proceedings of the 1st ACM symposium on Cloud computing},
  pages={143--154},
  year={2010},
  organization={ACM}
}
@inproceedings{weber2014towards,
  title={Towards a Resource Elasticity Benchmark for Cloud Environments},
  author={Weber, Andreas and Herbst, Nikolas and Groenda, Henning and Kounev, Samuel},
  booktitle={Proceedings of the 2nd International Workshop on Hot Topics in Cloud service Scalability},
  pages={5},
  year={2014},
  organization={ACM}
}
@article{de2012benchxtend,
  title={Benchxtend: a tool to benchmark and measure elasticity of cloud databases},
  author={de Almeida, Rodrigo Felix and Machado, Javam C},
  year={2012}
}
@inproceedings{cruz2013met,
  title={MeT: workload aware elasticity for NoSQL},
  author={Cruz, Francisco and Maia, Francisco and Matos, Miguel and Oliveira, Rui and Paulo, Jo{\~a}o and Pereira, Jos{\'e} and Vila{\c{c}}a, Ricardo},
  booktitle={Proceedings of the 8th ACM European Conference on Computer Systems},
  pages={183--196},
  year={2013},
  organization={ACM}
}
@article{hwang2015cloud,
  title={Cloud Performance Modeling and Benchmark Evaluation of Elastic Scaling Strategies},
  author={Hwang, Kai and Bai, Xiaoqing and Shi, Yue and Li, Meng and Chen, Weijie and Wu, Yaowu},
  year={2015},
  publisher={IEEE}
}
@inproceedings{gooch2005color2gray,
  title={Color2gray: salience-preserving color removal},
  author={Gooch, Amy A and Olsen, Sven C and Tumblin, Jack and Gooch, Bruce},
  booktitle={ACM Transactions on Graphics (TOG)},
  volume={24},
  number={3},
  pages={634--639},
  year={2005},
  organization={ACM}
}
@inproceedings{neumann2007efficient,
  title={An efficient perception-based adaptive color to gray transformation},
  author={Neumann, Laszlo and {\v{C}}ad{\'\i}k, M and Nemcsics, Antal},
  booktitle={Proceedings of the Third Eurographics conference on Computational Aesthetics in Graphics, Visualization and Imaging},
  pages={73--80},
  year={2007},
  organization={Eurographics Association}
}
@article{lim2012novel,
  title={A novel adaptive color to grayscale conversion algorithm for digital images},
  author={Lim, Wei Hong and Isa, Nor Ashidi Mat},
  journal={Scientific Research and Essays},
  volume={7},
  number={30},
  pages={2718--2730},
  year={2012},
  publisher={Academic Journals}
}
@article{pouli2011progressive,
  title={Progressive color transfer for images of arbitrary dynamic range},
  author={Pouli, Tania and Reinhard, Erik},
  journal={Computers \& Graphics},
  volume={35},
  number={1},
  pages={67--80},
  year={2011},
  publisher={Elsevier}
}
@inproceedings{luan2007color,
  title={Color transfer brush},
  author={Luan, Qing and Wen, Fang and Xu, Ying-Qing},
  booktitle={Computer Graphics and Applications, 2007. PG'07. 15th Pacific Conference on},
  pages={465--468},
  year={2007},
  organization={IEEE}
}
@article{daparallel,
  title={PARALLEL IMPLEMENTATION OF GRAYSCALE CONVERSION IN GRAPHICS HARDWARE},
  author={da Silva Diniz, Wendell Fioravante and Agnus Azevedo Horta, Eur{\'\i}pedes Guilherme de and N{\'o}brega, Oliveira and Ferreira, Luiz Ot{\'a}vio Saraiva}
}
@article{yamamoto2013parallel,
  title={Parallel image database processing with MapReduce and performance evaluation in pseudo distributed mode},
  author={Yamamoto, Muneto and Kaneko, Kunihiko},
  journal={International Journal of Electronic Commerce Studies},
  volume={3},
  number={2},
  pages={211--228},
  year={2013}
}
@article{ford1998colour,
  title={Colour space conversions},
  author={Ford, Adrian and Roberts, Alan},
  journal={Westminster University, London},
  volume={1998},
  pages={1--31},
  year={1998}
}
@misc{NCIT,
  title = {{NCIT Cluster}},
  howpublished = "\url{http://cluster.grid.pub.ro/}"
}
@inproceedings{ibrahim2011towards,
  title={Towards pay-as-you-consume cloud computing},
  author={Ibrahim, Shadi and He, Bingsheng and Jin, Hai},
  booktitle={Services Computing (SCC), 2011 IEEE International Conference on},
  pages={370--377},
  year={2011},
  organization={IEEE}
}